<record><leader>00000cas a22000007a 4500</leader><controlfield tag="001">24803891</controlfield><controlfield tag="008">911118d19231926ohuwr ne      0    0eng d</controlfield><datafield ind1=" " ind2=" " tag="010"><subfield code="a">sn 91074638 </subfield></datafield><datafield ind1=" " ind2=" " tag="040"><subfield code="a">ONP</subfield><subfield code="b">eng</subfield><subfield code="c">ONP</subfield><subfield code="d">OCLCQ</subfield></datafield><datafield ind1=" " ind2=" " tag="042"><subfield code="a">msc</subfield></datafield><datafield ind1="0" ind2=" " tag="130"><subfield code="a">Holmes County hub (Millersburg, Ohio : 1923)</subfield></datafield><datafield ind1="1" ind2="4" tag="245"><subfield code="a">The Holmes County hub.</subfield></datafield><datafield ind1=" " ind2=" " tag="260"><subfield code="a">Millersburg, Ohio :</subfield><subfield code="b">C.B. White,</subfield><subfield code="c">1923-1926.</subfield></datafield><datafield ind1=" " ind2=" " tag="300"><subfield code="a">11 v.</subfield></datafield><datafield ind1=" " ind2=" " tag="310"><subfield code="a">Weekly</subfield></datafield><datafield ind1="0" ind2=" " tag="362"><subfield code="a">Vol. 80, no. 5 (Aug. 1, 1923)-v. 90, no. 1 (June 30, 1926).</subfield></datafield><datafield ind1=" " ind2=" " tag="752"><subfield code="a">United States</subfield><subfield code="b">Ohio</subfield><subfield code="c">Holmes</subfield><subfield code="d">Millersburg.</subfield></datafield><datafield ind1="0" ind2="7" tag="785"><subfield code="t">Holmes County farmer (Millersburg, Ohio : 1857)</subfield><subfield code="w">(DLC)sn 84028822</subfield><subfield code="w">(OCoLC)11461568</subfield></datafield><datafield ind1="0" ind2="7" tag="785"><subfield code="t">Holmes County farmer-hub</subfield><subfield code="w">(DLC)sn 88078392</subfield><subfield code="w">(OCoLC)17692715</subfield></datafield><datafield ind1="1" ind2=" " tag="029"><subfield code="a">AU@</subfield><subfield code="b">000026851597</subfield></datafield></record>